
%% Created for Giuseppe Durisi at 2007-10-09 12:08:20 +0200 


%% Saved with string encoding Western (ASCII) 

@misc{web1,
      title={Metasploit Heartbleed Source Code}, 
      author={Metasploit},
      url ={https://github.com/rapid7/metasploit-framework/blob/master//modules/auxiliary/scanner/ssl/openssl_heartbleed.rb}
}

@misc{web2,
      title={Diff tool}, 
      url ={https://www.diffchecker.com/diff}
}

@misc{web3,
      title={Certificate Verifier}, 
      url ={https://www.sslshopper.com/certificate-key-matcher.html}
}

@misc{web4,
      title={nmap reference}, 
      url = {https://phoenixnap.com/kb/nmap-scan-open-ports}
}
	
